
@article{hayesM,
author = {Hayes, Monson},
journal = {John Wiley and Sons},
title = {Statistical Digital Signal Processing and Modeling},
year = {1996}    
}

@ARTICLE{bartlettW,  
author={Harris, F.J.},  
journal={Proceedings of the IEEE},   
title={On the use of windows for harmonic analysis with the discrete Fourier transform},   
year={1978},  
volume={66},  
number={1},  
pages={51-83},  
doi={10.1109/PROC.1978.10837}
}

@ARTICLE{benven,  
author={Benveniste, A. and MÃ©tivier, M. and Priouret, P.},  
journal={Springer Publishing Company Incorporated},   
title={Adaptive algorithms and stochastic approximations},   
year={2012},  
}

@ARTICLE{ang,  
author={Ang, W.-P. and Farhang-Boroujeny, B.},  
journal={IEEE Transactions on Signal Processing},   
title={A new class of gradient adaptive step-size LMS algorithms},   
year={2001},  
volume={49},  
number={4},  
pages={805-810},  
}

@ARTICLE{matt,  
author={Matthews, V. and Xie, Z.},  
journal={IEEE Transactions on Signal Processing},   
title={A stochastic gradient adaptive filter with gradient adaptive step size},   
year={1993},  
volume={41},  
number={6},  
pages={2075-2087},  
}

@ARTICLE{mandic,  
author={Mandic, D.},  
journal={IEEE Signal Processing Letters},   
title={A generalized normalized gradient descent algorithm},   
year={2004},  
volume={11},  
number={2},  
pages={115-118},  
}
